@article{Owid,
    author = {Hannah Ritchie and Edouard Mathieu and Lucas Rodés-Guirao and Cameron Appel and Charlie Giattino and Esteban Ortiz-Ospina and Joe Hasell and Bobbie Macdonald and Diana Beltekian and Max Roser},
    title = {Coronavirus Pandemic (COVID-19)},
    journal = {Our World in Data},
    year = {2020},
    url = {https://ourworldindata.org/coronavirus}
}


@article{Long2000,
    author = {J.   Scott   Long  and  Laurie H.   Ervin},
    title = {Using Heteroscedasticity Consistent Standard Errors in the Linear Regression Model},
    journal = {The American Statistician},
    year  = {2000},
    doi = {10.1080/00031305.2000.10474549}
}
    %volume = {54},
    %number = {3},
    %pages = {217-224},
    %publisher = {Taylor & Francis},
    %url = {https://www.tandfonline.com/doi/abs/10.1080/00031305.2000.10474549},
    %eprint = {https://www.tandfonline.com/doi/pdf/10.1080/00031305.2000.10474549}


@techreport{Barro2022,
    title = "Vaccination Rates and COVID Outcomes across U.S. States",
    author = "Barro, Robert J",
    institution = "National Bureau of Economic Research",
    doi = {10.3386/w29884},
    year = "2022"
}
    %type = "Working Paper",
    %series = "Working Paper Series",
    %number = "29884",
    %month = "March",
    %URL = "http://www.nber.org/papers/w29884",


@Article{Chen2022,
    author={Chen, Xiao and Huang, Hanwei and Ju, Jiandong and Sun, Ruoyan and Zhang, Jialiang},
    title={Impact of vaccination on the COVID-19 pandemic in U.S. states},
    journal={Scientific Reports},
    year={2022},
    month={1},
    day={28},
    volume={12},
    number={1},
    pages={1554},
    issn={2045-2322},
    doi={10.1038/s41598-022-05498-z},
    url={https://doi.org/10.1038/s41598-022-05498-z}
}


@article {Ferreira2021,
	author = {Ferreira, Leonardo Souto and Darcie Marquitti, Flavia Maria and da Silva, Rafael Lopes Paix{\~a}o and Borges, Marcelo Eduardo and Costa Gomes, Marcelo Ferreira da and Cruz, Oswaldo Gon{\c c}alves and Kraenkel, Roberto Andr{\'e} and Coutinho, Renato Mendes and Prado, Paulo In{\'a}cio and Bastos, Leonardo Soares},
	title = {Estimating the impact of implementation and timing of COVID-19 vaccination programme in Brazil: a counterfactual analysis},
	elocation-id = {2021.12.24.21268384},
	year = {2022},
	doi = {10.1101/2021.12.24.21268384},
	publisher = {Cold Spring Harbor Laboratory Press},
	journal = {medRxiv}
}


@article{Escobar2019,
    author = {Luis E. Escobar  and Alvaro Molina-Cruz  and Carolina Barillas-Mury },
    title = {BCG vaccine protection from severe coronavirus disease 2019 (COVID-19)},
    journal = {Proceedings of the National Academy of Sciences},
    volume = {117},
    number = {30},
    pages = {17720-17726},
    year = {2020},
    doi = {10.1073/pnas.2008410117},
    URL = {https://www.pnas.org/doi/abs/10.1073/pnas.2008410117},
    eprint = {https://www.pnas.org/doi/pdf/10.1073/pnas.2008410117}
}


@article{Moraes2021,
    author = {Moraes, Rodrigo},
    year = {2021},
    month = {01},
    pages = {1-18},
    title = {NT DINTE 31 - A Segunda Onda da Pandemia (Mas Não do Distanciamento Físico): Covid-19 E Políticas de Distanciamento Social dos Governos Estaduais no Brasil},
    journal = {Notas Técnicas},
    doi = {10.38116/ntdinte31}
}


@ARTICLE{Cabrera2021,
    title    = "An {SIR-type} epidemiological model that integrates social
                distancing as a dynamic law based on point prevalence and
                socio-behavioral factors",
    author   = "Cabrera, Maritza and C{\'o}rdova-Lepe, Fernando and
                Guti{\'e}rrez-Jara, Juan Pablo and Vogt-Geisse, Katia",
    journal  = "Scientific Reports",
    year     =  2021  
}
    %volume   =  11,
    %number   =  1,
    %pages    = "10170",
    %month    =  may,
    

@ARTICLE{Reluga2010,
    title     = "Game theory of social distancing in response to an epidemic",
    author    = "Reluga, Timothy C",
    journal   = "PLoS computational biology",
    year      =  2010
}
    %publisher = "Public Library of Science",
    %volume    =  6,
    %number    =  5,
    %pages     = "e1000793--e1000793",
    %month     =  may,
    %keywords  = "Algorithms; Computer Simulation; *Disease Outbreaks; *Game Theory; Humans; Markov Chains; *Models, Theoretical; *Psychological Distance; Vaccination",


@Article{Mwalili2020,
    author={Mwalili, Samuel
    and Kimathi, Mark
    and Ojiambo, Viona
    and Gathungu, Duncan
    and Mbogo, Rachel},
    title={SEIR model for COVID-19 dynamics incorporating the environment and social distancing},
    journal={BMC Research Notes},
    year={2020},
    doi={10.1186/s13104-020-05192-1}
}
    %day={23},
    %volume={13},
    %number={1},
    %pages={352},
    %issn={1756-0500},
    %url={https://doi.org/10.1186/s13104-020-05192-1},


@article{Baker2020,
    doi = {10.48550/ARXIV.2003.08285},
    author = {Baker, Rose},
    title = {Reactive Social distancing in a SIR model of epidemics such as COVID-19},
    year = {2020}
}
    %url = {https://arxiv.org/abs/2003.08285},
    %keywords = {Populations and Evolution (q-bio.PE), FOS: Biological sciences, FOS: Biological sciences, 92D30},
    %publisher = {arXiv},
    %copyright = {arXiv.org perpetual, non-exclusive license},

@article{Qi2020,
    title = {COVID-19 transmission in Mainland China is associated with temperature and humidity: A time-series analysis},
    journal = {Science of The Total Environment},
    volume = {728},
    pages = {138778},
    year = {2020},
    issn = {0048-9697},
    doi = {https://doi.org/10.1016/j.scitotenv.2020.138778},
    url = {https://www.sciencedirect.com/science/article/pii/S0048969720322956},
    author = {Hongchao Qi and Shuang Xiao and Runye Shi and Michael P. Ward and Yue Chen and Wei Tu and Qing Su and Wenge Wang and Xinyi Wang and Zhijie Zhang},
    keywords = {Meteorological factors, COVID-19, Time-series analysis, China}
}

@article{Halloran1999,
    author = {Halloran, M. Elizabeth and Longini, Ira M., Jr. and Struchiner, Claudio J.},
    title = "{Design and Interpretation of Vaccine Field Studies}",
    journal = {Epidemiologic Reviews},
    volume = {21},
    number = {1},
    pages = {73-88},
    year = {1999},
    month = {03},
    issn = {0193-936X},
    doi = {10.1093/oxfordjournals.epirev.a017990},
    url = {https://doi.org/10.1093/oxfordjournals.epirev.a017990},
    eprint = {https://academic.oup.com/epirev/article-pdf/21/1/73/6727664/21-1-73.pdf}
}

@article{Byun2021,
    title = {Is coronavirus disease (COVID-19) seasonal? A critical analysis of empirical and epidemiological studies at global and local scales},
    journal = {Environmental Research},
    volume = {196},
    pages = {110972},
    year = {2021},
    issn = {0013-9351},
    doi = {https://doi.org/10.1016/j.envres.2021.110972},
    url = {https://www.sciencedirect.com/science/article/pii/S0013935121002668},
    author = {Woo Seok Byun and Sin Woo Heo and Gunhee Jo and Jae Won Kim and Sarang Kim and Sujie Lee and Hye Eun Park and Jea-Hyun Baek}
}

@article{Wiemken2023,
  title    = "Seasonal trends in {COVID-19} cases, hospitalizations, and
              mortality in the United States and Europe",
  author   = "Wiemken, Timothy L and Khan, Farid and Puzniak, Laura and Yang, Wan and Simmering, Jacob and Polgreen, Philip and Nguyen, Jennifer L and Jodar, Luis and McLaughlin, John M",
  journal  = "Sci Rep",
  volume   =  13,
  number   =  1,
  pages    = "3886",
  month    =  mar,
  year     =  2023,
  address  = "England",
  language = "en"
}
